@inproceedings{sok,
    author = "R. Sakai and K. Ohgishi and M. Kasahara",
    title = "Cryptosystems Based on Pairing",
    booktitle = "The 2000 Symposium on Cryptography and Information Security",
    address = {Okinawa, Japan},
    year ="2000"
}

@article{diffie76new,
    author = "Whitfield Diffie and Martin E. Hellman",
    title = "New Directions in Cryptography",
    journal = "IEEE Transactions on Information Theory",
    volume = "IT-22",
    number = "6",
    pages = "644--654",
    date = "November 1976",
    year = "1976",
    url = "citeseer.ist.psu.edu/diffie76new.html" }


@techreport{ rsa,
    author = "R. L. Rivest and A. Shamir and L. M. Adelman",
    title = "A {METHOD} {FOR} {OBTAINING} {DIGITAL} {SIGNATURES} {AND} {PUBLIC}-{KEY} {CRYPTOSYSTEMS}",
    number = "MIT/LCS/TM-82",
    pages = "15",
    year = "1977",
    url = "citeseer.ist.psu.edu/rivest78method.html" }

@inproceedings{bls,
    author = "Dan Boneh and Ben Lynn and Hovav Shacham",
    title = "Short Signatures from the {Weil} Pairing",
    booktitle = "Asiacrypt",
    series = "Lecture Notes in Computer Science",
    volume = "2248",
    pages = "514+",
    year = "2001",
    url = "citeseer.ist.psu.edu/boneh01short.html" }

@inproceedings{mov,
    author = {Alfred Menezes and Scott Vanstone and Tatsuaki Okamoto},
    title = {Reducing elliptic curve logarithms to logarithms in a finite field},
    booktitle = {STOC '91: Proceedings of the twenty-third annual ACM symposium on Theory of computing},
    year = {1991},
    isbn = {0-89791-397-3},
    pages = {80--89},
    location = {New Orleans, Louisiana, United States},
    doi = {http://doi.acm.org/10.1145/103418.103434},
    publisher = {ACM Press},
    address = {New York, NY, USA},
}

@inproceedings{cocks01,
  author    = {Clifford Cocks},
  title     = {An Identity Based Encryption Scheme Based on Quadratic Residues.},
  booktitle = {IMA Int. Conf.},
  year      = {2001},
  pages     = {360-363},
  ee        = {http://link.springer.de/link/service/series/0558/bibs/2260/22600360.htm},
  bibsource = {DBLP, http://dblp.uni-trier.de}
}

@article{ bf,
    author = "Dan Boneh and Matt Franklin",
    title = "Identity-Based Encryption from the {Weil} Pairing",
    journal = "Lecture Notes in Computer Science",
    volume = "2139",
    pages = "213+",
    year = "2001",
    url = "citeseer.ist.psu.edu/article/boneh01identitybased.html" }

@article{ fr,
    author = "G. Frey and H. Ruck",
    title = "A remark concerning m-divisibility and the discrete logarithm in the divisor class group of curves",
    journal="Math. of Computaions",
    volume="62",
    pages={865-874},
    year = {1994}
}

@misc{ fmr,
    author = "G. Frey and M. Muller and H.-G. Ruck",
    title = "The Tate Pairing and the Discrete Logarithm Applied to Elliptic Curve Cryptosystems",
    text = "G. Frey, M. Muller and H.-G. Ruck, The Tate Pairing and the Discrete
    Logarithm Applied to Elliptic Curve Cryptosystems, Trans. on Inf. Th., IEEE,
    45 (1999), 1717-1719.",
    year = "1999",
    url = "citeseer.ist.psu.edu/frey98tate.html" }

@Article{bk,
  author =       "R. Balasubramanian and Neal Koblitz",
  title =        "The Improbability That an Elliptic Curve Has
                 Subexponential Discrete Log Problem under the
                 {Menezes-Okamoto-Vanstone} Algorithm",
  journal =      j-J-CRYPTOLOGY,
  volume =       "11",
  number =       "2",
  pages =        "141--145",
  month =        "Spring",
  year =         "1998",
  CODEN =        "JOCREQ",
  ISSN =         "0933-2790 (print), 1432-1378 (electronic)",
  MRclass =      "94A60 (11Gxx)",
  MRnumber =     "1 620 936",
  bibdate =      "Sat Nov 21 16:36:38 MST 1998",
  URL =          "http://link.springer.de/link/service/journals/00145/tocs/01102.html;
                 http://link.springer.de/link/service/journals/00145/bibs/11n2p141.html;
                 http://link.springer.de/link/service/journals/00145/bibs/11n2p141.pdf;
                 http://link.springer.de/link/service/journals/00145/bibs/11n2p141.tex",
  acknowledgement = ack-nhfb,
}

@misc{ wpkaratsuba,
  author = "Andr\'e Weimerskirch and Christof Paar",
  title = "Generalizations of the Karatsuba Algorithm for Polynomial Multiplication",
  url = "citeseer.ist.psu.edu/571363.html" }

@misc{ djb,
  author = "Daniel J. Bernstein",
  title = "Faster Square Roots in Annoying Finite Fields",
  url = "http://cr.yp.to/papers/sqroot.ps"
}
